%% This BibTeX bibliography file was created using BibDesk.
%% http://bibdesk.sourceforge.net/
%% Created for Michael Cysouw at 2015-06-03 17:19:03 +0200 
%% Saved with string encoding Unicode (UTF-8) 

@article{Belongie2002,
	author = {Belongie, Serge  and Malik, Jitendra  and Puzicha, Jan},
	title = {Shape matching and object recognition using shape contexts},
	journal = {IEEE Transactions on Pattern Analysis and Machine Intelligence},
	volume = {24},
	number = {4},
	pages = {509-522},
	publisher = {IEEE},
	month = {4},
	year = {2002}
}

@article{Beider2008,
	author = {Beider, Alexander  and Morse, Stephen P.},
	title = {Beider-Morse Phonetic Matching: An Alternative to Soundex with fewer False Hits},
	journal = {Avotaynu: the International Review of Jewish Genealogy},
	volume = {24},
	number = {2},
	pages = {12},
	year = {2008},
	url = {https://web.archive.org/web/20150513075152/http://stevemorse.org/phonetics/bmpm.htm}
}

@book{Knuth1973,
	author = {Knuth, Donald Ervin},
	title = {The Art of Programming: Sorting and Searching},
	volume = {3},
	publisher = {Addison-Wesley},
	address = {Reading, Mass.},
	year = {1973},
	OCLCID = {8808880}
}

@article{postel1969,
	author = {Postel, Hans Joachim},
	title = {Die Kölner Phonetik: Ein Verfahren zur Identifizierung von Personennamen auf der Grundlage der Gestaltanalyse},
	journal = {IBM-Nachrichten},
	volume = {19},
	pages = {925-931},
	year = {1969}
}

@article{Brown2013,
	author = {Brown, Cecil H.  and Holman, Eric W.  and Wichmann, Søren},
	title = {Sound Correspondences in the World's Languages},
	journal = {Language},
	volume = {89},
	number = {1},
	pages = {4--29},
	publisher = {Johns Hopkins University Press},
	year = {2013},
	doi = {10.1353/lan.2013.0009},
	ISSN = {1535-0665}
}

@book{Mania2008,
	author = {Mania, Hubert},
	title = {Gauss: eine Biographie},
	publisher = {Rowohlt},
	address = {Reinbek bei Hamburg},
	year = {2008},
	ISBN = {9783498045067},
	OCLCID = {214415669}
}

@book{Singh1999,
	author = {Singh, Simon},
	title = {The code book},
	publisher = {Doubleday},
	address = {New York},
	year = {1999},
	ISBN = {9780385495318},
	OCLCID = {41572673}
}

@book{Huurdeman2003,
	author = {Huurdeman, Anton A.},
	title = {The worldwide history of telecommunications},
	publisher = {John Wiley \& Sons},
	address = {New York, NY},
	year = {2003},
	ISBN = {0471205052}
}

@book{Meyer2015,
	author = {Meyer, Julien},
	title = {Whistled languages: a worldwide inquiry on human whistled speech},
	publisher = {Springer},
	address = {Berlin},
	year = {2015},
	ISBN = {9783662458372},
	OCLCID = {903685464},
	url = {http://search.ebscohost.com/login.aspx?direct=true&scope=site&db=nlebk&db=nlabk&AN=957780}
}

@inproceedings{meyer2012,
	author = {Meyer, Julien  and Dentel, Laure  and Seifart, Frank},
	booktitle = {Proceedings of Interspeech},
	title = {A methodology for the study of rhythm in drummed forms of languages: application to Bora Manguaré of Amazon.},
	uuid = {43F1B49D-3532-4E18-94E5-D836460A1093},
	pages = {686-690},
	year = {2012}
}

@book{Robinson1995,
	author = {Robinson, Andrew},
	title = {The Story of Writing},
	publisher = {Thames and Hudson},
	address = {London},
	year = {1995}
}

@book{Powell2012,
	author = {Powell, Barry B.},
	title = {Writing Theory and History of the Technology of Civilization},
	publisher = {John Wiley \& Sons},
	address = {New York, NY},
	year = {2012},
	ISBN = {1118293495},
	RIS_reference_number = {904821685},
	url = {http://nbn-resolving.de/urn:nbn:de:101:1-201502112957}
}

@article{Olumuyiw2013,
	Author = {Ol{\'u}m{\'u}y{\`\i}w, T{\`e}m{\'\i}tọ́pẹ́},
	Journal = {Journal of Arts and Humanities},
	Number = {1},
	Pages = {40-51},
	Title = {Yoruba Writing: Standards and Trends},
	Url = {http://www.theartsjournal.org/index.php/site/article/view/50},
	Volume = {2},
	Year = {2013}
}

@techreport{Unicode2014,
	Address = {Mountain View, CA},
	Author = {Unicode Consortium, The},
	Howpublished = {Online: \url{http://www.unicode.org/versions/Unicode6.2.0/}},
	Institution = {The Unicode Consortium},
	Title = {The Unicode Standard, Version 7.0.0},
	Year = {2014}
}

@article{MoranProkic2013,
	Author = {Moran, Steven and Jelena Proki{\'c}},
	Date-Added = {2015-05-30 12:49:53 +0000},
	Date-Modified = {2015-05-30 12:49:53 +0000},
	Journal = {Literary And Linguistic Computing},
	Number = {4},
	Pages = {676-691},
	Title = {Investigating the Relatedness of the Endangered Dogon Languages},
	Url = {http://llc.oxfordjournals.org/content/28/4/676},
	Volume = {28},
	Year = {2013},
	Bdsk-Url-1 = {http://llc.oxfordjournals.org/content/28/4/676}}

@inproceedings{ListMoran2013,
	Author = {Johann-Mattis List and Steven Moran},
	Booktitle = {Proceedings of the 51st Annual Meeting of the Association for Computational Linguistics},
	Date-Added = {2015-05-30 12:49:33 +0000},
	Date-Modified = {2015-05-30 12:49:33 +0000},
	Pages = {13-18},
	Title = {An Open Source Toolkit for Quantitative Historical Linguistics},
	Year = {2013}}

@inproceedings{Albright2000,
	Address = {Philadelphia, PA},
	Author = {Eric S. Albright},
	Booktitle = {Paper presented at the Workshop on Web-Based Language Documentation and Description},
	Date-Added = {2015-05-28 13:46:01 +0000},
	Date-Modified = {2015-05-28 13:46:01 +0000},
	Owner = {schwarzwald},
	Timestamp = {2009.07.21},
	Title = {{Design of an Electronic Method for Describing Writing Systems}},
	Url = {http://www.ldc.upenn.edu/exploration/expl2000/papers/albright/albright.htm},
	Year = {2000},
	Bdsk-Url-1 = {http://www.ldc.upenn.edu/exploration/expl2000/papers/albright/albright.htm}}

@inproceedings{Anderson2003,
	Author = {Deborah Anderson},
	Booktitle = {Proceedings E-MELD Conference 2003: Digitizing and Annotating Texts and Field Recordings},
	Date-Added = {2015-05-28 13:46:01 +0000},
	Date-Modified = {2015-05-28 13:46:01 +0000},
	Owner = {schwarzwald},
	Timestamp = {2009.08.05},
	Title = {{Using the Unicode Standard for Linguistic Data: Preliminary Guidelines}},
	Year = {2003}}

@misc{ASJP16,
	Author = {S{\o}ren Wichmann},
	Author = {Andr{\'e} M{\"u}ller, Annkathrin Wett, Viveka
Velupillai, Julia Bischoffberger, Cecil H. Brown, Eric W. Holman, Sebastian
Sauppe, Zarina Molochieva, Pamela Brown, Harald Hammarstr{\"o}m, Oleg Belyaev,
Johann-Mattis List, Dik Bakker, Dmitry Egorov, Matthias Urban, Robert
Mailhammer, Agustina Carrizo, Matthew S. Dryer, Evgenia Korovina, David Beck,
Helen Geyer, Patience Epps, Anthony Grant, and Pilar Valenzuela},
	Date-Added = {2015-05-28 13:46:01 +0000},
	Date-Modified = {2015-05-30 14:16:44 +0000},
	Howpublished = {Online: \url{http://asjp.clld.org/}},
	Title = {The {ASJP} Database (version 16)},
	Year = {2013}}

@article{BirdSimons2003,
	Author = {Bird, Steven and Gary F. Simons},
	Date-Added = {2015-05-28 13:46:01 +0000},
	Date-Modified = {2015-05-28 13:46:01 +0000},
	Journal = {Language},
	Number = {3},
	Owner = {schwarzwald},
	Pages = {557--582},
	Timestamp = {2009.08.04},
	Title = {{Seven Dimensions of Portability for Language Documentation and Description}},
	Url = {http://www.language-archives.org/documents/portability.pdf},
	Volume = {79},
	Year = {2003},
	Bdsk-Url-1 = {http://www.language-archives.org/documents/portability.pdf}}

@book{Coulmas1999,
	Author = {Coulmas, Florian},
	Date-Added = {2015-05-28 13:46:01 +0000},
	Date-Modified = {2015-05-28 13:46:01 +0000},
	Owner = {stiv},
	Publisher = {Blackwell Publishers},
	Timestamp = {2010.03.30},
	Title = {{The Blackwell Encyclopedia of Writing Systems}},
	Year = {1999}}

@article{Daniels1990,
	Author = {Peter T. Daniels},
	Date-Added = {2015-05-28 13:46:01 +0000},
	Date-Modified = {2015-05-28 13:46:01 +0000},
	Journal = {Journal of the American Oriental Society},
	Number = {4},
	Pages = {727--731},
	Title = {{Fundamentals of Grammatology}},
	Volume = {110},
	Year = {1990}}

@incollection{Daniels1996,
	Address = {New York, NY},
	Author = {Peter T. Daniels},
	Booktitle = {The World's Writing Systems},
	Date-Added = {2015-05-28 13:46:01 +0000},
	Date-Modified = {2015-05-28 13:46:01 +0000},
	Editor = {Daniels, P. T. and Bright, W.},
	Owner = {stiv},
	Publisher = {Oxford University Press},
	Timestamp = {2011.01.18},
	Title = {{The Study of Writing Systems}},
	Year = {1996}}

@book{DanielsBright1996,
	Address = {New York, NY},
	Author = {Peter T. Daniels and William Bright},
	Date-Added = {2015-05-28 13:46:01 +0000},
	Date-Modified = {2015-05-28 13:46:01 +0000},
	Owner = {stiv},
	Publisher = {Oxford University Press},
	Timestamp = {2011.01.18},
	Title = {{The World's Writing Systems}},
	Year = {1996}}

@incollection{Dolgopolsky1986,
	Address = {Ann Arbor},
	Author = {Dolgopolsky, A. B.},
	Booksubtitle = {A collection of papers on language change and relationship by Soviet linguists},
	Booktitle = {Typology, relationship and time},
	Date-Added = {2015-05-28 13:46:01 +0000},
	Date-Modified = {2015-05-28 13:46:01 +0000},
	Editor = {Shevoroshkin, Vitalij V.},
	Origlanguage = {russian},
	Owner = {mattis},
	Pages = {27--50},
	Publisher = {Karoma Publisher},
	Timestamp = {2009.10.30},
	Title = {A probabilistic hypothesis concerning the oldest relationships among the language families of northern Eurasia},
	Translator = {Shevoroshkin, Vitalij V.},
	Usere = {English translation},
	Year = {1986}}

@incollection{Garrett2005,
	Address = {Berlin/Heidelberg},
	Author = {Edward Garrett},
	Booktitle = {Computational Linguistics and Intelligent Text Processing},
	Date-Added = {2015-05-28 13:46:01 +0000},
	Date-Modified = {2015-05-28 13:46:01 +0000},
	Editor = {Alexander Gelbukh},
	Owner = {schwarzwald},
	Pages = {463--473},
	Publisher = {Springer},
	Timestamp = {2009.08.04},
	Title = {{A Finite State Network for Phonetic Text Processing}},
	Year = {2005}}

@book{Gaultney2002,
	Author = {J. Victor Gaultney},
	Date-Added = {2015-05-28 13:46:01 +0000},
	Date-Modified = {2015-05-28 13:46:01 +0000},
	Publisher = {SIL International},
	Title = {Problems of diacritic design for Latin script text faces},
	Year = {2002}}

@inproceedings{Gibbon2007computational,
	Author = {Gibbon, Dafydd and Hughes, Baden and Trippel, Thorsten},
	Booktitle = {Proceedings of the 7th international workshop on computational semantics},
	Date-Added = {2015-05-28 13:46:01 +0000},
	Date-Modified = {2015-05-28 13:46:01 +0000},
	Title = {The computational semantics of characters},
	Year = {2007}}

@inproceedings{GibbonHughesTrippel2005,
	Author = {Dafydd Gibbon and Baden Hughes and Thorsten Trippel},
	Booktitle = {Proceedings of Jahrestagung der Gesellschaft f{\"u}r Klassifikation 2005},
	Date-Added = {2015-05-28 13:46:01 +0000},
	Date-Modified = {2015-05-28 13:46:01 +0000},
	Owner = {schwarzwald},
	Timestamp = {2009.08.05},
	Title = {{Semantic Decomposition of Character Encodings for Linguistic Knowledge Discovery}},
	Year = {2005}}

@inproceedings{GibbonHughesTrippel2007,
	Author = {Thorsten Trippel and Dafydd Gibbon and Baden Hughes},
	Booktitle = {Proceedings of the Seventh International Workshop on Computational Semantics (IWCS-7)},
	Date-Added = {2015-05-28 13:46:01 +0000},
	Date-Modified = {2015-05-28 13:46:01 +0000},
	Owner = {stiv},
	Pages = {324--329},
	Timestamp = {2009.12.17},
	Title = {{The Computational Semantics of Characters}},
	Year = {2007}}

@incollection{HaspelmathTadmor2009,
	Address = {Berlin},
	Author = {Martin Haspelmath and Uri Tadmor},
	Booktitle = {Loanwords in the World's Languages: A Comparative Handbook},
	Date-Added = {2015-05-28 13:46:01 +0000},
	Date-Modified = {2015-05-28 13:46:01 +0000},
	Editor = {Martin Haspelmath and Uri Tadmor},
	Pages = {1--3},
	Publisher = {De Gruyter},
	Title = {{The Loanword Typology Project and the World Loanword Database}},
	Year = {2009}}

@inproceedings{HughesGibbonTrippel2006,
	Author = {Baden Hughes and Dafydd Gibbon and Thorsten Trippel},
	Booktitle = {Proceedings of LREC 2006},
	Date-Added = {2015-05-28 13:46:01 +0000},
	Date-Modified = {2015-05-28 13:46:01 +0000},
	Owner = {stiv},
	Timestamp = {2011.02.14},
	Title = {{Feature-Based Encoding and Querying Language Resources With Character Semantics}},
	Year = {2006}}

@techreport{IPA2005,
	Author = {{International {P}honetic {A}ssociation}},
	Date-Added = {2015-05-28 13:46:01 +0000},
	Date-Modified = {2015-05-28 13:46:01 +0000},
	Institution = {International Phonetic Association},
	Owner = {stiv},
	Timestamp = {2009.12.22},
	Title = {{International Phonetic Alphabet}},
	Url = {http://www.arts.gla.ac.uk/IPA/},
	Year = {2005},
	Bdsk-Url-1 = {http://www.arts.gla.ac.uk/IPA/}}

@article{Kemp2006,
	Author = {Kemp, Alan},
	Date-Added = {2015-05-28 13:46:01 +0000},
	Date-Modified = {2015-05-28 13:46:01 +0000},
	Journal = {The Encyclopedia of Language and Linguistics},
	Pages = {396--410},
	Title = {Phonetic Transcription: History},
	Volume = {6},
	Year = {2006}}

@incollection{Kohrt1986,
	Author = {Manfred Kohrt},
	Booktitle = {New Trends in Graphemics and Orthography},
	Date-Added = {2015-05-28 13:46:01 +0000},
	Date-Modified = {2015-05-28 13:46:01 +0000},
	Editor = {Gerhard Augst},
	Owner = {stiv},
	Pages = {80--96},
	Publisher = {Berlin: de {G}ruyter},
	Timestamp = {2011.01.18},
	Title = {{The Term `Grapheme' in the History and Theory of Linguistics}},
	Year = {1986}}

@inproceedings{List2012,
	Author = {List, Johann-Mattis},
	Booktitle = {Proceedings of ConSOLE XIX},
	Date-Added = {2015-05-28 13:46:01 +0000},
	Date-Modified = {2015-05-28 13:46:01 +0000},
	Eprint = {http://media.leidenuniv.nl/legacy/console19-proceedings-list.pdf},
	Eprinttype = {PDF},
	Eventdate = {2011-01-05/2011-01-08},
	Eventtitle = {The 19th Conference of Student Organization of Linguistics in Europe},
	Owner = {mattis},
	Pages = {241-260},
	Subtitle = {{A} sound class based approach},
	Timestamp = {2012.01.10},
	Title = {Multiple sequence alignment in historical linguistics},
	Venue = {Groningen},
	Year = {2012}}

@incollection{List2012a,
	Address = {Berlin and Heidelberg},
	Author = {List, Johann-Mattis},
	Booktitle = {New directions in logic, language, and computation},
	Date-Added = {2015-05-28 13:46:01 +0000},
	Date-Modified = {2015-05-28 13:46:01 +0000},
	Editor = {Slavkovik, Marija and Lassiter, Dan},
	Number = {7415},
	Owner = {mattis},
	Pages = {32--51},
	Publisher = {Springer},
	Series = {LNCS},
	Timestamp = {2012.03.08},
	Title = {{SCA}. Phonetic alignment based on sound classes},
	Year = {2012}}

@inproceedings{List2012b,
	Author = {List, Johann-Mattis},
	Booktitle = {Proceedings of the EACL 2012 Joint Workshop of LINGVIS \& UNCLH},
	Date-Added = {2015-05-28 13:46:01 +0000},
	Date-Modified = {2015-05-28 13:46:01 +0000},
	Event = {EACL 2012},
	Eventdate = {2012-04-23/2012-04-24},
	Organization = {Association for Computational Linguistics},
	Owner = {mattis},
	Pages = {117--125},
	Subtitle = {Automatic Detection of Cognates in Multilingual Wordlists},
	Timestamp = {2012.04.17},
	Title = {LexStat},
	Venue = {Avignon, France},
	Year = {2012}}

@incollection{List2012esslli,
	Address = {Berlin and Heidelberg},
	Author = {List, Johann-Mattis},
	Booktitle = {New directions in logic, language, and computation},
	Date-Added = {2015-05-28 13:46:01 +0000},
	Date-Modified = {2015-05-28 13:46:01 +0000},
	Editor = {Daniel Lassiter and Slavkovik, Marija},
	Owner = {mattis},
	Publisher = {Springer},
	Pages = {32--51},
	Timestamp = {2012.03.08},
	Title = {{SCA}: Phonetic alignment based on sound classes},
	Year = {2012}}

@customa{List2012stockholm,
	Author = {List, Johann-Mattis and Nelson-Sathi, Shijulal and Dagan, Tal},
	Date = {2012},
	Date-Added = {2015-05-28 13:46:01 +0000},
	Date-Modified = {2015-05-28 13:46:01 +0000},
	Eventdate = {2012-08-29/2012-09-01},
	Eventtitle = {Beyond Phylogeny: Quantitative diachronic explanations of language diversity},
	Howpublished = {paperworkshop},
	Organization = {Socieatas Linguistica Europaea},
	Owner = {mattis},
	Timestamp = {2012.09.06},
	Title = {Modelling Chinese dialect evolution},
	Venue = {Stockholm}}

@article{List2012XXXeacl,
	Author = {List, Johann-Mattis},
	Date-Added = {2015-05-28 13:46:01 +0000},
	Date-Modified = {2015-05-28 13:46:01 +0000},
	Journal = {Proceedings of ConSOLE XIX (2011)},
	Owner = {mattis},
	Timestamp = {2012.01.10},
	Title = {Multiple Sequence Alignment in Historical Linguistics. {A} Sound Class Based Approach},
	Year = {forthcoming}}

@book{Maddieson1984,
	Address = {Cambridge, UK},
	Author = {Maddieson, Ian},
	Date-Added = {2015-05-28 13:46:01 +0000},
	Date-Modified = {2015-05-28 13:46:01 +0000},
	Owner = {schwarzwald},
	Publisher = {Cambridge University Press},
	Timestamp = {2009.07.21},
	Title = {{Pattern of Sounds}},
	Year = {1984}}

@article{MeinhofJones1928,
	Author = {Carl Meinhof and Daniel Jones},
	Date-Added = {2015-05-28 13:46:01 +0000},
	Date-Modified = {2015-05-28 13:46:01 +0000},
	Journal = {Africa: Journal of the International African Institute},
	Number = {2},
	Pages = {228--239},
	Title = {{Principles of Practical Orthography for African Languages}},
	Volume = {1},
	Year = {1928}}

@article{Mielke2009,
	Author = {Jeff Mielke},
	Date-Added = {2015-05-28 13:46:01 +0000},
	Date-Modified = {2015-05-28 13:46:01 +0000},
	Journal = {Language and Linguistics Compass},
	Owner = {stiv},
	Pages = {700--718},
	Timestamp = {2010.04.27},
	Title = {{Segment Inventories}},
	Volume = {3/2},
	Year = {2009}}

@mastersthesis{Moran2006,
	Address = {Ypsilanit, MI},
	Author = {Moran, Steven},
	Date-Added = {2015-05-28 13:46:01 +0000},
	Date-Modified = {2015-05-28 13:46:01 +0000},
	School = {Eastern Michigan University},
	Title = {A Grammatical Sketch of Western Sisaala},
	Year = {2006}}

@inproceedings{Moran2009,
	Address = {Athens, Greece},
	Author = {Steven Moran},
	Booktitle = {Proceedings of the First Workshop on Language Technologies for African Languages (AfLaT 2009)},
	Date-Added = {2015-05-28 13:46:01 +0000},
	Date-Modified = {2015-05-28 13:46:01 +0000},
	Owner = {schwarzwald},
	Publisher = {Association for Computational Linguistics},
	Timestamp = {2009.08.02},
	Title = {{An Ontology for Accessing Transcription Systems (OATS)}},
	Url = {http://www.aclweb.org/anthology/W09-0716},
	Year = {2009},
	Bdsk-Url-1 = {http://www.aclweb.org/anthology/W09-0716}}

@incollection{Moran2011,
	Author = {Moran, Steven},
	Booktitle = {Language Resources \& Evaluation: Special Issue on African Language Technology},
	Date-Added = {2015-05-28 13:46:01 +0000},
	Date-Modified = {2015-05-28 13:46:01 +0000},
	Editor = {Guy {De Pauw}, Laurette Pretorius, Gilles-Maurice {de Schryver} and Lori Levin},
	Publisher = {LREC},
	Title = {An Ontology for Accessing Transcription Systems},
	Year = {2011}}

@phdthesis{Moran2012,
	Author = {Steven Moran},
	Date-Added = {2015-05-28 13:46:01 +0000},
	Date-Modified = {2015-05-28 13:46:01 +0000},
	School = {University of Washington},
	Title = {{Phonetics Information Base and Lexicon}},
	Year = {2012}}

@inproceedings{PoornimaGood2010,
	Author = {Shakthi Poornima and Jeff Good},
	Booktitle = {Proceedings of the 2010 Workshop on NLP and Linguistics: Finding the Common Ground},
	Date-Added = {2015-05-28 13:46:01 +0000},
	Date-Modified = {2015-05-28 13:46:01 +0000},
	Pages = {1--9},
	Publisher = {Association for Computational Linguistics},
	Title = {{Modeling and Encoding Traditional Wordlists for Machine Applications}},
	Year = {2010}}

@incollection{Simons1989,
	Address = {Dallas, TX},
	Author = {Simons, Gary F.},
	Booktitle = {Occasional Publications in Academic Computing},
	Date-Added = {2015-05-28 13:46:01 +0000},
	Date-Modified = {2015-05-28 13:46:01 +0000},
	Owner = {schwarzwald},
	Publisher = {Summer Institute of Linguistics},
	Series = {Occasional Publications in Academic Computing},
	Timestamp = {2009.07.21},
	Title = {{Working With Special Characters}},
	Year = {1989}}

@inproceedings{Simons1989a,
	Author = {Simons, Gary F.},
	Booktitle = {The Fifteenth LACUS Forum 1988},
	Date-Added = {2015-05-28 13:46:01 +0000},
	Date-Modified = {2015-05-28 13:46:01 +0000},
	Editor = {Ruth M. Brend and David G. Lockwood},
	Owner = {stiv},
	Pages = {538--53},
	Timestamp = {2011.02.14},
	Title = {{The Computational Complexity of Writing Systems}},
	Year = {1989}}

@book{Sproat2000,
	Address = {Cambridge, UK},
	Author = {Richard Sproat},
	Date-Added = {2015-05-28 13:46:01 +0000},
	Date-Modified = {2015-05-28 13:46:01 +0000},
	Owner = {stiv},
	Publisher = {Cambridge University Press},
	Timestamp = {2011.01.18},
	Title = {{A Computational Theory of Writing Systems}},
	Year = {2000}}

@article{Steiner_etal2011,
	Author = {Steiner, Lydia and Stadler, Peter F and Cysouw, Michael},
	Date-Added = {2015-05-28 13:46:01 +0000},
	Date-Modified = {2015-05-28 13:46:01 +0000},
	Journal = {Language Dynamics and Change},
	Number = {1},
	Pages = {89--127},
	Publisher = {BRILL},
	Title = {A Pipeline for Computational Historical Linguistics},
	Volume = {1},
	Year = {2011}}

@book{Swadesh1971,
	Address = {Chicago, IL},
	Author = {Swadesh, Morris},
	Date-Added = {2015-05-28 13:46:01 +0000},
	Date-Modified = {2015-05-28 13:46:01 +0000},
	Publisher = {Aldine},
	Title = {{The Origin and Diversification of Language. Edited Post Mortem by Joel Sherzer}},
	Year = {1971}}

@misc{Unicode5,
	Author = {{{T}he {U}nicode {C}onsortium}},
	Date-Added = {2015-05-28 13:46:01 +0000},
	Date-Modified = {2015-05-28 13:46:01 +0000},
	Owner = {stiv},
	Publisher = {Boston, MA, Addison-Wesley},
	Timestamp = {2009.12.17},
	Title = {{The Unicode Standard, Version 5.0.0, Defined By: The Unicode Standard, Version 5.0}},
	Url = {http://www.unicode.org/versions/Unicode5.0.0/},
	Year = {2007},
	Bdsk-Url-1 = {http://www.unicode.org/versions/Unicode5.0.0/}}

@techreport{Unicode2012,
	Address = {Mountain View, CA},
	Author = {The Unicode Consortium},
	Date-Added = {2015-05-28 13:46:01 +0000},
	Date-Modified = {2015-05-28 13:46:01 +0000},
	Howpublished = {Online: \url{http://www.unicode.org/versions/Unicode6.2.0/}},
	Institution = {The Unicode Consortium},
	Title = {The Unicode Standard, Version 6.2.0},
	Year = {2012}}

@article{vanZundert2012,
	Author = {Joris van Zundert},
	Date-Added = {2015-05-28 13:46:01 +0000},
	Date-Modified = {2015-05-28 13:46:01 +0000},
	Journal = {Historical Social Research},
	Number = {3},
	Pages = {165--186},
	Title = {If you build it, will we come? Large scale digital infrastructures as a dead end for digital humanities},
	Volume = {37},
	Year = {2012}}

@unpublished{WellsND,
	Author = {John C. Wells},
	Date-Added = {2015-05-28 13:46:01 +0000},
	Date-Modified = {2015-05-28 13:46:01 +0000},
	Note = {Unpublished Manuscript},
	Owner = {stiv},
	Timestamp = {2010.11.14},
	Title = {{Computer-coding the IPA: A Proposed Extension of SAMPA}},
	Year = {{n.d.}}}

@inproceedings{Zuraw2006,
	Author = {Kie Zuraw},
	Booktitle = {Proceedings of the 2nd International Workshop on Web as Corpus},
	Date-Added = {2015-05-28 13:46:01 +0000},
	Date-Modified = {2015-05-28 13:46:01 +0000},
	Owner = {stiv},
	Timestamp = {2008.10.19},
	Title = {{Using the Web as a Phonological Corpus: A Case Study From Tagalog}},
	Year = {2006}}

@book{Comrie1981,
	Address = {Oxford},
	Author = {Bernard Comrie},
	Publisher = {Basil Blackwell},
	Title = {Language Universals and Linguistic Typology},
	Year = {1981}}

@book{Chomsky1957,
	Address = {The Hague},
	Author = {Noam Chomsky},
	Publisher = {Mouton},
	Title = {Syntactic structures},
	Year = {1957}}
